@book{Statistik,
    author = "Jens Ledet Jensen",
    title = "Statistik viden fra data",
    publisher = "Aarhus Universitetsforlag",
    year = "2012",
    isbn = "978-87-7124-0245"
}
